@MISC\{IMM2012-03274,
    author       = "K. B. Petersen and M. S. Pedersen",
    title        = "The Matrix Cookbook",
    year         = "2012",
    month        = "nov",
    keywords     = "Matrix identity, matrix relations, inverse, matrix derivative",
    publisher    = "Technical University of Denmark",
    address      = "",
    note         = "Version 20121115",
    url          = "http://www2.imm.dtu.dk/pubdb/p.php?3274",
    abstract     = "Matrix identities, relations and approximations. A desktop reference for quick overview of mathematics of matrices."
}


@article{NTKJacot,
  author    = {Arthur Jacot and
               Franck Gabriel and
               Cl{\'{e}}ment Hongler},
  title     = {Neural Tangent Kernel: Convergence and Generalization in Neural Networks},
  journal   = {CoRR},
  volume    = {abs/1806.07572},
  year      = {2018},
  url       = {http://arxiv.org/abs/1806.07572},
  archivePrefix = {arXiv},
  eprint    = {1806.07572},
  timestamp = {Mon, 13 Aug 2018 16:46:13 +0200},
  biburl    = {https://dblp.org/rec/bib/journals/corr/abs-1806-07572},
  bibsource = {dblp computer science bibliography, https://dblp.org}
}

@incollection{neal1996priors,
  title={Priors for infinite networks},
  author={Neal, Radford M},
  booktitle={Bayesian Learning for Neural Networks},
  pages={29--53},
  year={1996},
  publisher={Springer}
}

@inproceedings{williams1997computing,
  title={Computing with infinite networks},
  author={Williams, Christopher KI},
  booktitle={Advances in neural information processing systems},
  pages={295--301},
  year={1997}
}

@article{lee2017deep,
  title={Deep neural networks as gaussian processes},
  author={Lee, Jaehoon and Bahri, Yasaman and Novak, Roman and Schoenholz, Samuel S and Pennington, Jeffrey and Sohl-Dickstein, Jascha},
  journal={arXiv preprint arXiv:1711.00165},
  year={2017}
}

@article{chizat2018note,
  title={A note on lazy training in supervised differentiable programming},
  author={Chizat, Lenaic and Bach, Francis},
  journal={arXiv preprint arXiv:1812.07956},
  year={2018}
}

@article{maennel2018gradient,
  title={Gradient descent quantizes ReLU network features},
  author={Maennel, Hartmut and Bousquet, Olivier and Gelly, Sylvain},
  journal={arXiv preprint arXiv:1803.08367},
  year={2018}
}

@article{barata2012moore,
  title={The Moore--Penrose pseudoinverse: A tutorial review of the theory},
  author={Barata, Jo{\~a}o Carlos Alves and Hussein, Mahir Saleh},
  journal={Brazilian Journal of Physics},
  volume={42},
  number={1-2},
  pages={146--165},
  year={2012},
  publisher={Springer}
}

@article{savarese2019infinite,
  title={How do infinite width bounded norm networks look in function space?},
  author={Savarese, Pedro and Evron, Itay and Soudry, Daniel and Srebro, Nathan},
  journal={arXiv preprint arXiv:1902.05040},
  year={2019}
}


@article{dou2019training,
  title={Training neural networks as learning data-adaptive kernels: Provable representation and approximation benefits},
  author={Dou, Xialiang and Liang, Tengyuan},
  journal={arXiv preprint arXiv:1901.07114},
  year={2019}
}

@article{davis2019stochastic,
  title={Stochastic subgradient method converges on tame functions},
  author={Davis, Damek and Drusvyatskiy, Dmitriy and Kakade, Sham and Lee, Jason D},
  journal={Foundations of Computational Mathematics},
  pages={1--36},
  year={2019},
  publisher={Springer}
}

@article{clarke1975generalized,
  title={Generalized gradients and applications},
  author={Clarke, Frank H},
  journal={Transactions of the American Mathematical Society},
  volume={205},
  pages={247--262},
  year={1975}
}


@article{du2018gradient,
  title={Gradient descent provably optimizes over-parameterized neural networks},
  author={Du, Simon S and Zhai, Xiyu and Poczos, Barnabas and Singh, Aarti},
  journal={arXiv preprint arXiv:1810.02054},
  year={2018}
}

@inproceedings{chizat2018global,
  title={On the global convergence of gradient descent for over-parameterized models using optimal transport},
  author={Chizat, Lenaic and Bach, Francis},
  booktitle={Advances in neural information processing systems},
  pages={3036--3046},
  year={2018}
}
